<?xml version="1.0" encoding="UTF-8"?><record xmlns="http://www.loc.gov/MARC21/slim" xmlns:cinclude="http://apache.org/cocoon/include/1.0" xmlns:zs="http://www.loc.gov/zing/srw/">
  <leader>00501cz  a2200169n  4500</leader>
  <controlfield tag="001">no 99046236 </controlfield>
  <controlfield tag="003">DLC</controlfield>
  <controlfield tag="005">20110215074905.0</controlfield>
  <controlfield tag="008">990629n| acannaabn          |n aaa     c</controlfield>
  <datafield tag="010" ind1=" " ind2=" ">
    <subfield code="a">no 99046236 </subfield>
  </datafield>
  <datafield tag="035" ind1=" " ind2=" ">
    <subfield code="a">(OCoLC)oca05016327</subfield>
  </datafield>
  <datafield tag="040" ind1=" " ind2=" ">
    <subfield code="a">GU-AV</subfield>
    <subfield code="b">eng</subfield>
    <subfield code="c">GU-AV</subfield>
    <subfield code="d">DLC</subfield>
  </datafield>
  <datafield tag="100" ind1="1" ind2=" ">
    <subfield code="a">Silver, Harold</subfield>
  </datafield>
  <datafield tag="374" ind1=" " ind2=" ">
    <subfield code="a">film editor</subfield>
  </datafield>
  <datafield tag="375" ind1=" " ind2=" ">
    <subfield code="a">male</subfield>
  </datafield>
  <datafield tag="377" ind1=" " ind2=" ">
    <subfield code="a">eng</subfield>
  </datafield>
  <datafield tag="670" ind1=" " ind2=" ">
    <subfield code="a">NET journal. [1970-03], Trial: the city and county of Denver versus Lauren R. Watson, 1970:</subfield>
    <subfield code="b">end credits (film editor Harold Silver)</subfield>
  </datafield>
</record>